<record><leader>00000cas a22000007a 4500</leader><controlfield tag="001">34537075</controlfield><controlfield tag="008">960409c19969999njuwr ne      0   c0rus c</controlfield><datafield ind1=" " ind2=" " tag="010"><subfield code="a">sn 96005124 </subfield></datafield><datafield ind1=" " ind2=" " tag="040"><subfield code="a">NSD</subfield><subfield code="b">eng</subfield><subfield code="c">NSD</subfield><subfield code="d">OCLCQ</subfield></datafield><datafield ind1=" " ind2=" " tag="012"><subfield code="l">1</subfield></datafield><datafield ind1="0" ind2=" " tag="022"><subfield code="a">1088-1603</subfield><subfield code="l">1088-1603</subfield><subfield code="2">1</subfield></datafield><datafield ind1=" " ind2=" " tag="037"><subfield code="b">Novy Russki, 219 Country Rd., Tenafly, NJ 07760</subfield></datafield><datafield ind1=" " ind2=" " tag="042"><subfield code="a">nsdp</subfield><subfield code="a">pcc</subfield></datafield><datafield ind1="1" ind2="0" tag="082"><subfield code="a">071</subfield><subfield code="2">12</subfield></datafield><datafield ind1="0" ind2=" " tag="210"><subfield code="a">Nov. rus.</subfield></datafield><datafield ind1=" " ind2="0" tag="222"><subfield code="a">Novyi&#774; russkii&#774;</subfield></datafield><datafield ind1="0" ind2="0" tag="245"><subfield code="a">Novyi&#774; russkii&#774;.</subfield></datafield><datafield ind1="1" ind2="7" tag="246"><subfield code="a">Novy russki</subfield></datafield><datafield ind1=" " ind2=" " tag="260"><subfield code="a">Tenafly, NJ :</subfield><subfield code="b">Katan Walis Co.</subfield></datafield><datafield ind1=" " ind2=" " tag="300"><subfield code="a">v.</subfield></datafield><datafield ind1=" " ind2=" " tag="310"><subfield code="a">Weekly</subfield></datafield><datafield ind1="1" ind2=" " tag="362"><subfield code="a">Began in 1996.</subfield></datafield><datafield ind1=" " ind2=" " tag="588"><subfield code="a">Description based on: No. 4 (27 mai&#65056;a&#65057; - 9 ii&#65056;u&#65057;ni&#65056;a&#65057; 1996 g.).</subfield></datafield></record>